@book {AF03,
    AUTHOR = {Adams, R. A. and Fournier, J. J. F.},
     TITLE = {Sobolev spaces},
    SERIES = {Pure and Applied Mathematics},
    VOLUME = 140,
   EDITION = 2,
 PUBLISHER = {Elsevier/Academic Press},
      YEAR = 2003,
     PAGES = {xiv+305},
}

@article{AU20-Walsh,
author = {Amenta, A. and Uraltsev, G.},
	title = {Banach-valued modulation invariant {Carleson} embeddings and outer-{$L^p$} spaces: the {Walsh} case},
	journal = {J. Fourier Anal. Appl.},
	volume = 26,
	year = 2020
}

@unpublished{AU20-vC,
  author       = {Amenta, A. and Uraltsev, G.},
  title        = {Variational {Carleson} operators in {UMD} spaces},
  year         = {2020},
  note   = {arXiv:2003.02742},
}

@article {BM16,
    AUTHOR = {Benea, C. and Muscalu, C.},
     TITLE = {Multiple vector-valued inequalities via the helicoidal method},
   JOURNAL = {Anal. PDE},
    VOLUME = {9},
      YEAR = {2016},
    NUMBER = {8},
     PAGES = {1931--1988},
}

@article {BM17,
    AUTHOR = {Benea, C. and Muscalu, C.},
     TITLE = {Quasi-{B}anach valued inequalities via the helicoidal method},
   JOURNAL = {J. Funct. Anal.},
    VOLUME = {273},
      YEAR = {2017},
    NUMBER = {4},
     PAGES = {1295--1353},
}

@unpublished{BM18,
    author = {Benea, C. and Muscalu, C.},
     title = {Sparse domination via the helicoidal method},
      year = {2018},
      note = {arXiv:1707.05484}
}



@book {BL76,
    AUTHOR = {Bergh, J. and L\"{o}fstr\"{o}m, J.},
     TITLE = {Interpolation spaces. {A}n introduction},
      NOTE = {Grundlehren der Mathematischen Wissenschaften, No. 223},
 PUBLISHER = {Springer-Verlag},
      YEAR = 1976,
     PAGES = {x+207},
}

@article {jB83,
    AUTHOR = {Bourgain, J.},
     TITLE = {Some remarks on {B}anach spaces in which martingale difference
              sequences are unconditional},
   JOURNAL = {Ark. Mat.},
    VOLUME = {21},
      YEAR = {1983},
    NUMBER = {2},
     PAGES = {163--168},
}

@incollection {dB83,
    AUTHOR = {Burkholder, D. L.},
     TITLE = {A geometric condition that implies the existence of certain
              singular integrals of {B}anach-space-valued functions},
 BOOKTITLE = {Conference on harmonic analysis in honor of {A}ntoni
              {Z}ygmund, {V}ol. {I}, {II} ({C}hicago, {I}ll., 1981)},
    SERIES = {Wadsworth Math. Ser.},
     PAGES = {270--286},
 PUBLISHER = {Wadsworth},
      YEAR = {1983},
}

@incollection {dB01,
    AUTHOR = {Burkholder, D. L.},
     TITLE = {Martingales and singular integrals in {B}anach spaces},
 BOOKTITLE = {Handbook of the geometry of {B}anach spaces, {V}ol. {I}},
     PAGES = {233--269},
 PUBLISHER = {North-Holland},
      YEAR = {2001},
}

@article {lC66,
    AUTHOR = {Carleson, L.},
     TITLE = {On convergence and growth of partial sums of {F}ourier series},
   JOURNAL = {Acta Math.},
    VOLUME = {116},
      YEAR = {1966},
     PAGES = {135--157},
}

@article {CUM18,
    AUTHOR = {Cruz-Uribe, D. and Martell, J. M.},
     TITLE = {Limited range multilinear extrapolation with applications to
              the bilinear {H}ilbert transform},
   JOURNAL = {Math. Ann.},
    VOLUME = {371},
      YEAR = {2018},
     PAGES = {615--653},
}

@article {CDPO18,
    AUTHOR = {Culiuc, A. and Di Plinio, F. and Ou, Y.},
     TITLE = {Domination of multilinear singular integrals by positive
              sparse forms},
   JOURNAL = {J. Lond. Math. Soc. (2)},
    VOLUME = {98},
      YEAR = {2018},
    NUMBER = {2},
     PAGES = {369--392},
}

@article {DPDU18,
    AUTHOR = {Di Plinio, F. and Do, Y. Q. and Uraltsev, G. N.},
     TITLE = {Positive sparse domination of variational {C}arleson operators},
   JOURNAL = {Ann. Sc. Norm. Super. Pisa Cl. Sci. (5)},
    VOLUME = {XVII},
      YEAR = {2018},
      NUMBER = {4},
     PAGES = {1443--1458},
}

@article {DPGTZK18,
    AUTHOR = {Di Plinio, F. and Guo, S. and Thiele, C.
              and Zorin-Kranich, P.},
     TITLE = {Square functions for bi-{L}ipschitz maps and directional
              operators},
   JOURNAL = {J. Funct. Anal.},
    VOLUME = {275},
      YEAR = {2018},
    NUMBER = {8},
     PAGES = {2015--2058},
}

@article {DPO18-2,
    AUTHOR = {Di Plinio, F. and Ou, Y.},
     TITLE = {A modulation invariant {C}arleson embedding theorem outside
              local {$L^2$}},
   JOURNAL = {J. Anal. Math.},
    VOLUME = {135},
      YEAR = {2018},
    NUMBER = {2},
     PAGES = {675--711},
}

@article {DPO18,
    AUTHOR = {Di Plinio, F. and Ou, Y.},
     TITLE = {Banach-valued multilinear singular integrals},
   JOURNAL = {Indiana Univ. Math. J.},
    VOLUME = {67},
      YEAR = {2018},
    NUMBER = {5},
     PAGES = {1711--1763},
}

@unpublished{DPLMV19,
author = {Di Plinio, F. and Li, K. and Martikainen, H. and Vuorinen, E.},
	title = {Multilinear singular integrals on non-commutative {$L^p$} spaces},
	year = {2019},
	note = {arXiv:1905.02139},
}

@unpublished{DPLMV19-3,
author = {Di Plinio, F. and Li, K. and Martikainen, H. and Vuorinen, E.},
	title = {{Banach}-valued multilinear singular integrals with modulation invariance},
	year = {2019},
	note = {arXiv:1909.07236},
}

@article{DMT17,
    AUTHOR = {Do, Y. and Muscalu, C. and Thiele, C.},
     TITLE = {Variational estimates for the bilinear iterated {F}ourier
              integral},
   JOURNAL = {J. Funct. Anal.},
  FJOURNAL = {Journal of Functional Analysis},
    VOLUME = {272},
      YEAR = {2017},
    NUMBER = {5},
     PAGES = {2176--2233},
}

@article {DT15,
    AUTHOR = {Do, Y. and Thiele, C.},
     TITLE = {{$L^p$} theory for outer measures and two themes of {L}ennart
              {C}arleson united},
   JOURNAL = {Bull. Amer. Math. Soc. (N.S.)},
    VOLUME = {52},
      YEAR = {2015},
    NUMBER = {2},
     PAGES = {249--296},
}
		
@article{DS97,
    AUTHOR = {Dodds, P. G. and Sukochev, F. A.},
     TITLE = {{RUC}-decompositions in symmetric operator spaces},
   JOURNAL = {Integral Equations Operator Theory},
    VOLUME = {29},
      YEAR = {1997},
    NUMBER = {3},
     PAGES = {269--287},
}

MathSciNet

@article {cF73,
    AUTHOR = {Fefferman, C.},
     TITLE = {Pointwise convergence of {F}ourier series},
   JOURNAL = {Ann. of Math. (2)},
    VOLUME = {98},
      YEAR = {1973},
     PAGES = {551--571},
}

@article {tH07,
    AUTHOR = {Hyt\"{o}nen, T. P.},
     TITLE = {Littlewood-{P}aley-{S}tein theory for semigroups in {UMD}
              spaces},
   JOURNAL = {Rev. Mat. Iberoam.},
    VOLUME = {23},
      YEAR = {2007},
    NUMBER = {3},
     PAGES = {973--1009},
}
		

@article {HL13,
    AUTHOR = {Hyt\"{o}nen, T. P. and Lacey, M. T.},
     TITLE = {Pointwise convergence of vector-valued {F}ourier series},
   JOURNAL = {Math. Ann.},
    VOLUME = {357},
      YEAR = {2013},
    NUMBER = {4},
     PAGES = {1329--1361},
}

@article {HL18,
    AUTHOR = {Hyt\"{o}nen, T. P. and Lacey, M. T.},
     TITLE = {Pointwise convergence of {W}alsh-{F}ourier series of
              vector-valued functions},
   JOURNAL = {Math. Res. Lett.},
    VOLUME = {25},
      YEAR = {2018},
    NUMBER = {2},
     PAGES = {561--580},
}
		


@article{HLP14,
    AUTHOR = {Hyt\"onen, T. P. and Lacey, M. T. and Parissis,
              I.},
     TITLE = {A variation norm {C}arleson theorem for vector-valued
              {W}alsh-{F}ourier series},
   JOURNAL = {Rev. Mat. Iberoam.},
    VOLUME = {30},
      YEAR = {2014},
    NUMBER = {3},
     PAGES = {979--1014},
}


@article {HLP13,
    AUTHOR = {Hyt\"onen, T. P. and Lacey, M. T. and Parissis,
              I.},
     TITLE = {The vector valued quartile operator},
   JOURNAL = {Collect. Math.},
    VOLUME = {64},
      YEAR = {2013},
    NUMBER = {3},
     PAGES = {427--454},
}


@article {HMcP08,
    AUTHOR = {Hyt\"{o}nen, T. and McIntosh, A. and Portal, P.},
     TITLE = {Kato's square root problem in {B}anach spaces},
   JOURNAL = {J. Funct. Anal.},
    VOLUME = {254},
      YEAR = {2008},
    NUMBER = {3},
     PAGES = {675--726},
}
		

@book {HNVW16,
    AUTHOR = {Hyt\"{o}nen, T. and van Neerven, J. and Veraar, M. and
              Weis, L.},
     TITLE = {Analysis in {B}anach spaces. {V}ol. {I}: {M}artingales and
              {L}ittlewood-{P}aley theory},
    SERIES = {Ergebnisse der Mathematik und ihrer Grenzgebiete. 3. Folge.},
    VOLUME = {63},
 PUBLISHER = {Springer, Cham},
      YEAR = {2016},
     PAGES = {xvi+614},
}


@book {HNVW17,
    AUTHOR = {Hyt\"{o}nen, T. and van Neerven, J. and Veraar, M. and
              Weis, L.},
     TITLE = {Analysis in {B}anach spaces. {V}ol. {II}: {P}robabilistic methods and operator theory},
    SERIES = {Ergebnisse der Mathematik und ihrer Grenzgebiete. 3. Folge.},
    VOLUME = {67},
 PUBLISHER = {Springer, Cham},
      YEAR = {2017},
     PAGES = {xxi+616},
}
		


@article{HTY09,
    AUTHOR = {Hyt\"onen, T. P. and Torrea, J. L. and Yakubovich, D. V.},
     TITLE = {The {L}ittlewood-{P}aley-{R}ubio de {F}rancia property of a
              {B}anach space for the case of equal intervals},
   JOURNAL = {Proc. Roy. Soc. Edinburgh Sect. A},
      YEAR = {2009},
    NUMBER = {4},
     PAGES = {819--832},
}



@article {rJ78,
    AUTHOR = {James, R. C.},
     TITLE = {Nonreflexive spaces of type {$2$}},
   JOURNAL = {Israel J. Math.},
    VOLUME = {30},
      YEAR = {1978},
    NUMBER = {1-2},
     PAGES = {1--13},
}



@article {mK11,
    AUTHOR = {Kemppainen, M.},
     TITLE = {On the {R}ademacher maximal function},
   JOURNAL = {Studia Math.},
    VOLUME = {203},
      YEAR = {2011},
    NUMBER = {1},
     PAGES = {1--31},
}

@article {LT97,
    AUTHOR = {Lacey, M. and Thiele, C.},
     TITLE = {{$L^p$} estimates on the bilinear {H}ilbert transform for
              {$2<p<\infty$}},
   JOURNAL = {Ann. of Math. (2)},
    VOLUME = {146},
      YEAR = {1997},
    NUMBER = {3},
     PAGES = {693--724},
}

@article {LT99,
    AUTHOR = {Lacey, M. and Thiele, C.},
     TITLE = {On {C}alder\'{o}n's conjecture},
   JOURNAL = {Ann. of Math. (2)},
    VOLUME = {149},
      YEAR = {1999},
    NUMBER = {2},
     PAGES = {475--496},
}

@article{LN18,
AUTHOR = {Lerner, A. K. and Nazarov, F.},
TITLE = {Intuitive dyadic calculus: The basics},
JOURNAL = {Expositiones Mathematicae},
YEAR = {2018},
}

@unpublished{LMO18,
author = {Li, K. and Martell, J. M. and Ombrosi, S.},
	title = {Extrapolation for multilinear {Muckenhoupt} classes and applications to the bilinear {Hilbert} transform},
	year = {2018},
	note = {arXiv:1802.03338},
}


@unpublished{LMMOV20,
author = {Li, K. and Martell, J. M. and Martikainen, H. and Ombrosi, S. and Vuorinen, E.},
title = {End-point estimates, extrapolation for multilinear {Muckenhoupt} classes, and applications},
year = {2020},
note = {arXiv:1902.04951},
}


@book {LT79,
    AUTHOR = {Lindenstrauss, J. and Tzafriri, L.},
     TITLE = {Classical {B}anach spaces. {II}},
    SERIES = {Ergebnisse der Mathematik und ihrer Grenzgebiete},
    VOLUME = {97},
 PUBLISHER = {Springer-Verlag},
      YEAR = {1979},
     PAGES = {x+243},
}


@Article{LN19,
	AUTHOR ={Lorist, E. and Nieraeth, B.},
 	TITLE={Vector-valued extensions of operators through multilinear limited range extrapolation},
	JOURNAL={J. Fourier Anal. Appl.},
	YEAR={2019},
	volume = 25,
	pages = {2608--2634}
}

@unpublished{LN20,
author = {Lorist, E. and Nieraeth, B.},
	title = {Sparse domination implies vector-valued sparse domination},
	year = {2020},
	note = {arXiv:2003.02233},
}

@article {MT17,
    AUTHOR = {Mirek, M. and Thiele, C.},
     TITLE = {A local {$T(b)$} theorem for perfect multilinear
              {C}alder\'{o}n-{Z}ygmund operators},
   JOURNAL = {Proc. Lond. Math. Soc. (3)},
    VOLUME = {114},
      YEAR = {2017},
    NUMBER = {1},
     PAGES = {35--59},
}

@article{MPTT04,
author = "Muscalu, C. and Pipher, J. and Tao, T. and Thiele, C.",
journal = "Acta Math.",
number = "2",
pages = "269--296",
title = "Bi-parameter paraproducts",
volume = "193",
year = "2004"
}

@book {MS13-2,
    AUTHOR = {Muscalu, C. and Schlag, W.},
     TITLE = {Classical and multilinear harmonic analysis. {V}ol. {II}},
    SERIES = {Cambridge Studies in Advanced Mathematics},
    VOLUME = {138},
 PUBLISHER = {Cambridge University Press},
      YEAR = {2013},
     PAGES = {xvi+324},
}

@article {MTT02,
    AUTHOR = {Muscalu, C. and Tao, T. and Thiele, C.},
     TITLE = {Multi-linear operators given by singular multipliers},
   JOURNAL = {J. Amer. Math. Soc.},
    VOLUME = {15},
      YEAR = {2002},
    NUMBER = {2},
     PAGES = {469--496},
}

@article {vNW05,
    AUTHOR = {van Neerven, J. M. A. M. and Weis, L.},
     TITLE = {Stochastic integration of functions with values in a {B}anach
              space},
   JOURNAL = {Studia Math.},
    VOLUME = {166},
      YEAR = {2005},
    NUMBER = {2},
     PAGES = {131--170},
}
		

@article{bN19,
author = {Nieraeth, B.},
	title = {Quantitative estimates and extrapolation for multilinear weight classes},
	journal = {Math. Ann.},
	volume = {375},
	year = {2019},
	pages = {453--507}
}


@book {gP16,
    AUTHOR = {Pisier, G.},
     TITLE = {Martingales in {B}anach spaces},
    SERIES = {Cambridge Studies in Advanced Mathematics},
    VOLUME = {155},
 PUBLISHER = {Cambridge University Press},
      YEAR = {2016},
     PAGES = {xxviii+561},
}

@incollection{PX03,
    AUTHOR = {Pisier, G. and Xu, Q.},
     TITLE = {Non-commutative {$L^p$}-spaces},
 BOOKTITLE = {Handbook of the geometry of {B}anach spaces, {V}ol. 2},
     PAGES = {1459--1517},
 PUBLISHER = {North-Holland},
      YEAR = {2003},
}
		

@article {PSX12,
    AUTHOR = {Potapov, D. and Sukochev, F. and Xu, Q.},
     TITLE = {On the vector-valued {L}ittlewood-{P}aley-{R}ubio de {F}rancia
              inequality},
   JOURNAL = {Rev. Mat. Iberoam.},
    VOLUME = {28},
      YEAR = {2012},
    NUMBER = {3},
     PAGES = {839--856},
}

@article {yQ12,
    AUTHOR = {Qiu, Y.},
     TITLE = {On the {UMD} constants for a class of iterated {$L_p(L_q)$}
              spaces},
   JOURNAL = {J. Funct. Anal.},
    VOLUME = {263},
      YEAR = {2012},
    NUMBER = {8},
     PAGES = {2409--2429},
}

@article {RS80,
    AUTHOR = {Rosi\'{n}ski, J. and Suchanecki, Z.},
     TITLE = {On the space of vector-valued functions integrable with
              respect to the white noise},
   JOURNAL = {Colloq. Math.},
    VOLUME = {43},
      YEAR = {1980},
    NUMBER = {1},
     PAGES = {183--201},
}

@incollection {RdF86,
    AUTHOR = {Rubio de Francia, J. L.},
     TITLE = {Martingale and integral transforms of {B}anach space valued
              functions},
 BOOKTITLE = {Probability and {B}anach spaces ({Z}aragoza, 1985)},
    SERIES = {Lecture Notes in Math.},
    VOLUME = {1221},
     PAGES = {195--222},
 PUBLISHER = {Springer},
      YEAR = {1986},
}


@article {pS14,
    AUTHOR = {Silva, P.},
     TITLE = {Vector-valued inequalities for families of bilinear {H}ilbert
              transforms and applications to bi-parameter problems},
   JOURNAL = {J. Lond. Math. Soc. (2)},
    VOLUME = {90},
      YEAR = {2014},
    NUMBER = {3},
     PAGES = {695--724},
}

@book {cT06,
    AUTHOR = {Thiele, C.},
     TITLE = {Wave packet analysis},
    SERIES = {CBMS Regional Conference Series in Mathematics},
    VOLUME = {105},
 PUBLISHER = {American Mathematical Society},
      YEAR = {2006},
     PAGES = {vi+86},
}

@article {TTV15,
    AUTHOR = {Thiele, C. and Treil, S. and Volberg, A.},
     TITLE = {Weighted martingale multipliers in the non-homogeneous setting
              and outer measure spaces},
   JOURNAL = {Adv. Math.},
    VOLUME = {285},
      YEAR = {2015},
     PAGES = {1155--1188},
}

@book {hT78,
    AUTHOR = {Triebel, H.},
     TITLE = {Interpolation theory, function spaces, differential operators},
    SERIES = {North-Holland Mathematical Library},
    VOLUME = {18},
 PUBLISHER = {North-Holland},
      YEAR = {1978},
     PAGES = {528},
}

@unpublished{gU16,
author = {Uraltsev, G.},
	title = {Variational {Carleson} embeddings into the upper 3-space},
	year = {2016},
	note = {arXiv:1610.07657},
}


@unpublished{UW19,
author = {Uraltsev, G. and Warchalski, M.},
	title = {Uniform bounds for the bilinear
{Hilbert} transform in local {$L^1$}},
	year = 2020,
	note = {in preparation},
}

@phdthesis{gU-thesis,
title = {Time-frequency analysis of the variational {Carleson} operator using outer-measure {$L^p$} spaces},
author = {Uraltsev, G.}, 
school = {{Rheinische Friedrich-Wilhelms-Universit\"at Bonn}},
publisher = {Universitäts- und Landesbibliothek Bonn},
year = {2017},
}

@phdthesis{mW-thesis,
title = {Uniform estimates in one- and two-dimensional
time-frequency analysis},
author = {Warchalski, M.}, 
school = {{Rheinische Friedrich-Wilhelms-Universit\"at Bonn}},
publisher = {Universitäts- und Landesbibliothek Bonn},
year = {2018},
}



